@online{_,
    author = {},
    title = {{}},
    url = {},
    urldate = {},
    year = {}
}
